<?xml version="1.0" encoding="UTF-8"?><collection xmlns="http://www.loc.gov/MARC21/slim"><record><leader>00414nam--2200157-i-4500</leader><controlfield tag="001">000010441</controlfield><controlfield tag="002">20161230</controlfield><controlfield tag="005">20170102214800</controlfield><controlfield tag="008">060222s1000------------r-----000-0-eng-d</controlfield><datafield ind1=" " ind2=" " tag="100"><subfield code="a">Calin, Sergiu</subfield></datafield><datafield ind1=" " ind2=" " tag="245"><subfield code="a">Protectia prin relee electronice a sistemelor electrice</subfield></datafield><datafield ind1=" " ind2=" " tag="260"><subfield code="a">Bucuresti</subfield><subfield code="b">Editura Tehnica</subfield><subfield code="c">1969</subfield></datafield><datafield ind1=" " ind2=" " tag="300"><subfield code="a">254 p</subfield></datafield><datafield ind1=" " ind2=" " tag="700"><subfield code="a">Penescu, Cornel</subfield></datafield><datafield ind1=" " ind2=" " tag="852"><subfield code="a">37756</subfield></datafield><datafield ind1=" " ind2=" " tag="CAT"><subfield code="a">SYS</subfield><subfield code="c">20170102</subfield><subfield code="h">214800</subfield></datafield></record></collection>